@mastersthesis{rodri,
    author = "Rodrigez, S.",
  	title = {{Implementation of a decoding algorithm for codes from algebraic curves in the programming language Sage}},
    school    = {{Faculty of San Diego State University}},
    type     = "diploma thesis",
    year      = "2013",
}

@article{dubro,
    author = "Dubrova, E",
  	title = {{A List of Maximum Period NLFSRs}},
    journal   = {{IACR Cryptology ePrint Archive}},
    volume   = "2012",
    pages    = "166",
    year      = "2012",
}

@book{joux,
    author    = "Joux, A.",
    title     = {{Algorithmic cryptanalysis}},
    publisher = "CRC Press",
    isbn   = "978-1-4200-7002-6",
    year      = "2009",
}

@article{feng:tzeng,
    author = "Feng, G.-L., Tzeng, K.",
  	title = {{A generalization of the Berlekamp-Massey algorithm for multisequence shift-register}},
    journal   = {{Information Theory, IEEE Transactions}},
    volume   = "37",
    number   = "5",
    pages    = "1274-1287",
    year      = "2012",
}

@misc{szmi,
      author = "Szmidt, J.",
      title = {{The Search and Construction of Nonlinear Feedback Shift Registers}},
      howpublished = {{Military Communication Institute, Zegrze, Poland}},
      year = "2013",
      url = "http://www.math.uni-magdeburg.de/~fq11/talks/Szmidt.pdf"
}

@misc{auma,
      author = "Aumasson, J.-P.",
      title = {{The Search and Construction of Nonlinear Feedback Shift Registers}},
      howpublished = {{AppSec Forum Switzerland 2013}},
      year = "2013"
}

@misc{ray:and,
      author = "Raymond, S. and Andrew, S. and Patrick, C. and Jason, M.",
      title = {{Linear Feedback Shift Register}},
      year = "2001",
      url = "http://www.ece.ualberta.ca/~elliott/ee552/studentAppNotes/1999f/Drivers_Ed/lfsr.html"
}


@misc{w-lfsr,
      author = "Wikipedia",
      title = {{Linear Feedback Shift Register}},
      year = "2014",
      url = "https://en.wikipedia.org/wiki/LFSR"
}

@misc{w-rng,
      author = "Wikipedia",
      title = {{Random Number Generation}},
      year = "2014",
      url = "https://en.wikipedia.org/wiki/Random_number_generation"
}

@misc{ritt,
      author = "Ritter, T.",
      title = {{Randomness Tests: A Literature Survey}},
      year = "2007",
      url = "http://www.ciphersbyritter.com/RES/RANDTEST.HTM"
}

@booklet{lecu,
    author    = "L'Ecuyer, P, Simard, R.",
    title     = {{TestU01 - A Software Library in ANSI C for Empirical Testing of Random Number Generators}},
    year      = "2002",
}

@misc{marsa,
      author = "Marsaglia, G.",
      title = {{The Marsaglia Random Number CDROM including the Diehard Battery of Tests of Randomness}},
      year = "2005",
      url = "http://www.stat.fsu.edu/pub/diehard"
}

@article{soto,
    author = "Soto, J.",
  	title = {{Statistical Testing of Random Number Generators}},
    journal   = {{Proceedings of the 22nd National Information Systems Security Conference}},
    volume   = "NIST, 1999",
    pages    = "12",
    year      = "1999",
}

@article{berle,
    author = "Berlekamp, E. R.",
  	title = {{Nonbinary BCH decoding}},
    journal   = {{University of North Carolina. Department of Statistics}},
    year      = "1967",
}

@article{mass,
    author = "Massey, J. L.",
  	title = {{Shift-register synthesis and BCH decoding. Information Theory}},
    journal   = {{IEEE Transactions}},
    volume   = "15",
    number = "1",
    pages    = "122-127",
    year      = "1969",
}

@book{down,
    author    = "Downey, R.",
    title     = {{Some recent progress in algorithmic randomness. In Mathematical Foundations of Computer Science 2004}},
    publisher = {{Springer Berlin Heidelberg}},
    year      = "2004",
    pages	  = "42-83",
    isbn	  = "978-3-540-22823-3",
}